@IEEEtranBSTCTL{IEEE:bold,CTLname_latex_cmd = "\textbf"}
@IEEEtranBSTCTL{IEEE:plain,CTLname_latex_cmd = "\relax"}