@book{chlipala2011certified,
  title={Certified programming with dependent types},
  author={Chlipala, Adam},
  year={2011},
  publisher={MIT Press}
}

@BOOK{martinlof,
  author="Per Martin-Lof",
  year={1984},
  publisher={Bibliopolis},
  title={Intuitionistic type theory}
}

@MISC{coctr,
    author = {T. Coquand, Gerard Huet},
    title = {The calculus of constructions. RR-0530},
    year = { 1986 }
}

@MISC{Bunder_variantsof,
    author = {M. W. Bunder and Jonathan P. Seldin},
    title = {Variants of the Basic Calculus of Constructions},
    year = {}
}

@inproceedings{Caires:2010:STI:1887654.1887670,
  author = {Caires, Lu\'{\i}s and Pfenning, Frank},
  title = {Session Types As Intuitionistic Linear Propositions},
  booktitle = {Proceedings of the 21st International Conference on Concurrency Theory},
  series = {CONCUR'10},
  year = {2010},
  isbn = {3-642-15374-7, 978-3-642-15374-7},
  location = {Paris, France},
  pages = {222--236},
  numpages = {15},
  url = {http://dl.acm.org/citation.cfm?id=1887654.1887670},
  acmid = {1887670},
  publisher = {Springer-Verlag},
  address = {Berlin, Heidelberg},
}

@MISC{pisigma,
  author = {Thorsten Altenkirch and Nils Anders Danielsson and Andres Löh and Nicolas Oury},
  title = {ΠΣ: Dependent Types without the Sugar},
  year = {}
}

@INPROCEEDINGS{Augustsson98cayenne--,
  author = {Lennart Augustsson},
  title = {Cayenne -- a Language With Dependent Types},
  booktitle = {IN INTERNATIONAL CONFERENCE ON FUNCTIONAL PROGRAMMING},
  year = {1998},
  pages = {239--250},
  publisher = {ACM Press}
}

@MISC{Abel08verifyinga,
  author = {Andreas Abel and Thierry Coquand and Peter Dybjer},
  title = {Verifying a Semantic βη-Conversion Test for Martin-Löf Type Theory},
  year = {2008}
}

@inproceedings{Altenkirch:2007:OE:1292597.1292608,
   author = {Altenkirch, Thorsten and McBride, Conor and Swierstra, Wouter},
   title = {Observational Equality, Now!},
   booktitle = {Proceedings of the 2007 Workshop on Programming Languages Meets Program Verification},
   series = {PLPV '07},
   year = {2007},
   isbn = {978-1-59593-677-6},
   location = {Freiburg, Germany},
   pages = {57--68},
   numpages = {12},
   url = {http://doi.acm.org/10.1145/1292597.1292608},
   doi = {10.1145/1292597.1292608},
   acmid = {1292608},
   publisher = {ACM},
   address = {New York, NY, USA},
   keywords = {equality, type theory},
}

@inproceedings{Wadler:1993:TLL:645722.666394,
  author = {Wadler, Philip},
  title = {A Taste of Linear Logic},
  booktitle = {Proceedings of the 18th International Symposium on Mathematical Foundations of Computer Science},
  series = {MFCS '93},
  year = {1993},
  isbn = {3-540-57182-5},
  pages = {185--210},
  numpages = {26},
  url = {http://dl.acm.org/citation.cfm?id=645722.666394},
  acmid = {666394},
  publisher = {Springer-Verlag},
  address = {London, UK, UK},
}

@article{For_downwith,
  author = {Pattern Matching For},
  title = {Down With the Bureaucracy of Syntax!},
  year = {}
}

@INPROCEEDINGS{Wadler90lineartypes,
  author = {Philip Wadler},
  title = {Linear Types Can Change the World!},
  booktitle = {PROGRAMMING CONCEPTS AND METHODS},
  year = {1990},
  publisher = {North}
}

@article{Turner98operationalinterpretations,
  author = {David N. Turner and Philip Wadler},
  title = {Operational Interpretations of Linear Logic},
  year = {1998}
}

@article{Benton:1998:CTL:969611.969614,
  author = {Benton, P. N. and Bierman, G. M. and De Paiva, V. C. V.},
  title = {Computational Types from a Logical Perspective},
  journal = {J. Funct. Program.},
  issue_date = {March 1998},
  volume = {8},
  number = {2},
  month = mar,
  year = {1998},
  issn = {0956-7968},
  pages = {177--193},
  numpages = {17},
  url = {http://dx.doi.org/10.1017/S0956796898002998},
  doi = {10.1017/S0956796898002998},
  acmid = {969614},
  publisher = {Cambridge University Press},
  address = {New York, NY, USA},
}

@inproceedings{Benton:2005:TCL:2099708.2099741,
  author = {Benton, Nick},
  title = {A Typed, Compositional Logic for a Stack-based Abstract Machine},
  booktitle = {Proceedings of the Third Asian Conference on Programming Languages and Systems},
  series = {APLAS'05},
  year = {2005},
  isbn = {3-540-29735-9, 978-3-540-29735-2},
  location = {Tsukuba, Japan},
  pages = {364--380},
  numpages = {17},
  url = {http://dx.doi.org/10.1007/11575467_24},
  doi = {10.1007/11575467_24},
  acmid = {2099741},
  publisher = {Springer-Verlag},
  address = {Berlin, Heidelberg},
}

@inproceedings{Wadler:2012:PS:2364527.2364568,
 author = {Wadler, Philip},
 title = {Propositions As Sessions},
 booktitle = {Proceedings of the 17th ACM SIGPLAN International Conference on Functional Programming},
 series = {ICFP '12},
 year = {2012},
 isbn = {978-1-4503-1054-3},
 location = {Copenhagen, Denmark},
 pages = {273--286},
 numpages = {14},
 url = {http://doi.acm.org/10.1145/2364527.2364568},
 doi = {10.1145/2364527.2364568},
 acmid = {2364568},
 publisher = {ACM},
 address = {New York, NY, USA},
 keywords = {lambda calculus, linear logic, pi calculus},
}

@inproceedings{Chlipala:2010:USM:1806596.1806612,
 author = {Chlipala, Adam},
 title = {Ur: Statically-typed Metaprogramming with Type-level Record Computation},
 booktitle = {Proceedings of the 2010 ACM SIGPLAN Conference on Programming Language Design and Implementation},
 series = {PLDI '10},
 year = {2010},
 isbn = {978-1-4503-0019-3},
 location = {Toronto, Ontario, Canada},
 pages = {122--133},
 numpages = {12},
 url = {http://doi.acm.org/10.1145/1806596.1806612},
 doi = {10.1145/1806596.1806612},
 acmid = {1806612},
 publisher = {ACM},
 address = {New York, NY, USA},
 keywords = {dependent types, metaprogramming},
}
