@inproceedings{McCartyS94,
   author              = {L. Thorne McCarty and 
                          Leon A. Shklar},
   title               = {A PROLOG Interpreter for First-Order Intuitionistic Logic.},
   booktitle           = {ILPS},
   year                = {1994},
   pages               = {685},
}

@incollection{Seppo,
year={1993},
isbn={978-3-540-56454-6},
booktitle={Extensions of Logic Programming},
volume={660},
series={Lecture Notes in Computer Science},
editor={Lamma, E. and Mello, P.},
doi={10.1007/3-540-56454-3_14},
title={Natural deduction proof theory for logic programming},
url={http://dx.doi.org/10.1007/3-540-56454-3_14},
publisher={Springer Berlin Heidelberg},
author={Keronen, Seppo},
pages={265-281},
language={English}
}

@misc{Pelletier,
  title = {Natural Deduction},
  author = {Pelletier, Francis Jeffry and Hazen, Allen P.},
  howpublished = "\url{http://www.ualberta.ca/~francisp/papers/PellHazenSubmittedv2.pdf}"
}

@techreport{Nie,
  title = {Implementation Notes on SPRFN - A Natural Deduction Theorem Prover},
  author = {Nie, Xumin and Plaisted, David},
  howpublished = "\url{http://www.cs.unc.edu/techreports/87-028.pdf}"
}

@misc{Pottier,
  title = {Wandering Through Linear Types, Capabilities, and Regions},
  author = {Pottier, Francois},
  howpublished = "\url{http://pauillac.inria.fr/~fpottier/slides/fpottier-2007-05-linear-bestiary.pdf}"
}

@incollection{Sestoft,
year={2006},
isbn={978-3-540-33095-0},
booktitle={Programming Languages and Systems},
volume={3924},
series={Lecture Notes in Computer Science},
editor={Sestoft, Peter},
doi={10.1007/11693024_2},
title={Linear Regions Are All You Need},
url={http://dx.doi.org/10.1007/11693024_2},
publisher={Springer Berlin Heidelberg},
author={Fluet, Matthew and Morrisett, Greg and Ahmed, Amal},
pages={7-21},
language={English}
}
