@article{Hodas,
 author = {Hodas, Joshua S. and Miller, Dale},
 title = {Logic Programming in a Fragment of Intuitionistic Linear Logic},
 journal = {Inf. Comput.},
 issue_date = {May 1, 1994},
 volume = {110},
 number = {2},
 month = may,
 year = {1994},
 issn = {0890-5401},
 pages = {327--365},
 numpages = {39},
 url = {http://dx.doi.org/10.1006/inco.1994.1036},
 doi = {10.1006/inco.1994.1036},
 acmid = {185272},
 publisher = {Academic Press, Inc.},
 address = {Duluth, MN, USA},
}

@TECHREPORT{Winikoff,
    author = {Michael David Winikoff},
    title = {Logic Programming with Linear Logic},
    institution = {},
    year = {1997}
}

@incollection{Pearce,
year={1991},
isbn={978-3-540-53590-4},
booktitle={Extensions of Logic Programming},
volume={475},
series={Lecture Notes in Computer Science},
editor={Schroeder-Heister, Peter},
doi={10.1007/BFb0038700},
title={Logic programming with strong negation},
url={http://dx.doi.org/10.1007/BFb0038700},
publisher={Springer Berlin Heidelberg},
author={Pearce, David and Wagner, Gerd},
pages={311-326},
language={English}
}

@book{Lloyd,
 author = {Lloyd, John Wylie},
 title = {Foundations of Logic Programming},
 year = {1993},
 isbn = {0387181997},
 edition = {2nd},
 publisher = {Springer-Verlag New York, Inc.},
 address = {Secaucus, NJ, USA},
}

@misc{Nilsson,
author = {Nilsson, Ulf and Maluszynski, Jan},
title = {Logic, Programming, and Prolog (second edition)},
howpublished = "\url{http://www.ida.liu.se/~ulfni/lpp/bok/bok.pdf}"
}

@incollection{McRobbie,
year={1996},
isbn={978-3-540-61511-8},
booktitle={Automated Deduction â€” Cade-13},
volume={1104},
series={Lecture Notes in Computer Science},
editor={McRobbie, M.A. and Slaney, J.K.},
doi={10.1007/3-540-61511-3_66},
title={Proof-terms for classical and intuitionistic resolution},
url={http://dx.doi.org/10.1007/3-540-61511-3_66},
publisher={Springer Berlin Heidelberg},
author={Ritter, Eike and Pym, David and Wallen, Lincoln},
pages={17-31},
language={English}
}

@inproceedings{Hui-Bon-Hoa,
 author = {Hui-Bon-Hoa, Alain},
 title = {Intuitionistic Implication and Resolution},
 booktitle = {Proceedings of the 1994 International Symposium on Logic Programming},
 series = {ILPS '94},
 year = {1994},
 isbn = {0-262-52191-1},
 location = {Symposia, Melbourne},
 pages = {409--423},
 numpages = {15},
 url = {http://dl.acm.org/citation.cfm?id=200616.200651},
 acmid = {200651},
 publisher = {MIT Press},
 address = {Cambridge, MA, USA},
}

