@book{chlipala2011certified,
  title={Certified programming with dependent types},
  author={Chlipala, Adam},
  year={2011},
  publisher={MIT Press}
}

@MISC{coctr,
    author = {T. Coquand, Gerard Huet},
    title = {The calculus of constructions. RR-0530},
    year = { 1986 }
}

@MISC{Bunder_variantsof,
    author = {M. W. Bunder and Jonathan P. Seldin},
    title = {Variants of the Basic Calculus of Constructions},
    year = {}
}
